@Book{CMCSBOOK2009002,
   address     = {Heidelberg, DE},
   affiliation = {EPFL},
   author      = {Quarteroni, Alfio},
   details     = {http://infoscience.epfl.ch/record/140685},
   isbn        = {978-88-470-1070-3},
   keywords    = {Analysis; Numerical modelling; PDE},
   note        = {Written for students of bachelor and master courses in
                 scientific disciplines: engineering, mathematics,
                 physics, computational sciences, and information science},
   oai-id      = {oai:infoscience.epfl.ch:140685},
   oai-set     = {book},
   publisher   = {Springer},
   series      = {Modeling, Simulation and Applications},
   status      = {PUBLISHED},
   title       = {Numerical {M}odels for {D}ifferential {P}roblems},
   unit        = {CMCS},
   url         = {http://www.springer.com/math/book/978-88-470-1070-3},
   year        = 2009
}